 @Manual{microbench,
    title = {microbenchmark: Accurate Timing Functions},
    author = {Olaf Mersmann},
    year = {2023},
    note = {R package version 1.4.10},
    url = {https://CRAN.R-project.org/package=microbenchmark},
  }
  
    @Article{Rcpp,
    title = {{Extending {R} with {C++}: A Brief Introduction to {Rcpp}}},
    author = {Dirk Eddelbuettel and James Joseph Balamuta},
    journal = {The American Statistician},
    year = {2018},
    volume = {72},
    number = {1},
    pages = {28-36},
    doi = {10.1080/00031305.2017.1375990},
  }

  @Article{arma,
    title = {RcppArmadillo: Accelerating R with high-performance C++ linear algebra},
    author = {Dirk Eddelbuettel and Conrad Sanderson},
    journal = {Computational Statistics and Data Analysis},
    year = {2014},
    volume = {71},
    month = {March},
    pages = {1054--1063},
    doi = {10.1016/j.csda.2013.02.005},
  }
  
    @misc{ enwiki:1192037372,
    author = "{Wikipedia contributors}",
    title = "Matrix chain multiplication --- {Wikipedia}{,} The Free Encyclopedia",
    year = "2023",
    url = "https://en.wikipedia.org/w/index.php?title=Matrix_chain_multiplication&oldid=1192037372",
    note = "[Online; accessed 17-March-2024]"
  }
  @misc{uwu,
	author = {T. C. Hu and ICI. ‘I‘. Shirig},
	title = {{C}omputation of {M}atrix {C}hain {P}roducts, {P}art {I}, {P}art {I}{I}},
	howpublished = {\url{http://i.stanford.edu/pub/cstr/reports/cs/tr/81/875/CS-TR-81-875.pdf}},
	year = {},
	note = {[Accessed 17-03-2024]},
}