  @Manual{dplyr,
    title = {dplyr: A Grammar of Data Manipulation},
    author = {Hadley Wickham and Romain François and Lionel Henry and Kirill Müller and Davis Vaughan},
    year = {2023},
    note = {R package version 1.1.3},
    url = {https://CRAN.R-project.org/package=dplyr},
  }
  
    @misc{ enwiki:1199732782,
    author = "{Wikipedia contributors}",
    title = "MNIST database --- {Wikipedia}{,} The Free Encyclopedia",
    year = "2024",
    url = "https://en.wikipedia.org/w/index.php?title=MNIST_database&oldid=1199732782",
    note = "[Online; accessed 12-February-2024]"
  }
  
    @misc{ enwiki:1198360676,
    author = "{Wikipedia contributors}",
    title = "Ridge regression --- {Wikipedia}{,} The Free Encyclopedia",
    year = "2024",
    url = "https://en.wikipedia.org/w/index.php?title=Ridge_regression&oldid=1198360676",
    note = "[Online; accessed 12-February-2024]"
  }
  
    @Article{glmnet,
    title = {Elastic Net Regularization Paths for All Generalized Linear Models},
    author = {J. Kenneth Tay and Balasubramanian Narasimhan and Trevor Hastie},
    journal = {Journal of Statistical Software},
    year = {2023},
    volume = {106},
    number = {1},
    pages = {1--31},
    doi = {10.18637/jss.v106.i01},
  }
  @book{Garcia-Portugues2023,
    title        = {Notes for Predictive Modeling},
    author       = {Garc\'ia-Portugu\'es, E.},
    year         = {2023},
    note         = {Version 5.9.12. ISBN 978-84-09-29679-8},
    url          = {https://bookdown.org/egarpor/PM-UC3M/}
}